Article {fevotte20xx,
  author =       {François Févotte},
  title =        {{PDSA}: a Piecewise Diffusion Synthetic Acceleration Scheme},
  journal =      {},
  year =         {En cours},
  OPTkey =       {},
  OPTvolume =    {},
  OPTnumber =    {},
  OPTpages =     {},
  OPTmonth =     {},
  OPTnote =      {},
  OPTannote =    {}
}

@Article{graillat20xx,
  author =       {Stef Graillat and Fabienne Jézéquel and Romain Picot and
                  François Févotte and Bruno Lathuilière},
  title =        {Auto-tuning for floating-point precision with Discrete
                  Stochastic Arithmetic},
  journal =      {{\em Soumis à} Mathematics and Computers in Simulation},
  year =         {en cours de relecture},
  OPTkey =       {},
  OPTvolume =    {},
  OPTnumber =    {},
  OPTpages =     {},
  OPTmonth =     {},
  OPTnote =      {},
  OPTannote =    {}
}

@Article{jeffers2017,
  author =       {Rebecca Jeffers and J\'{o}szef K\'{o}ph\'{a}zi and Matthew D. Eaton and
                  François Févotte and Frank Hülsemann and Jean Ragusa},
  title =        {Goal-based h-adaptivity of the {1-D} diamond difference discrete ordinate method},
  journal =      {Journal of Computational Physics},
  year =         2017,
  volume =       335,
  pages =        {179--200},
  issn =         "0021-9991",
  doi =          "http://dx.doi.org/10.1016/j.jcp.2017.01.037",
  url =          "http://www.sciencedirect.com/science/article/pii/S0021999117300530",
}

@InProceedings{calloo2017,
  author =       {Ansar Calloo and David Couyras and François Févotte and Matthieu Guillo},
  title =        {{COCAGNE}: {EDF} new Neutronic Core Code for {ANDROM\`EDE} Calculation Chain},
  booktitle =    {International Conference on Mathematics~\& Computational Methods Applied to Nuclear Science~\& Engineering (M\&C)},
  year =         2017,
  month =        apr,
  address =      {Jeju, Korea}}

@InProceedings{fevotte2016,
  author =       {François Févotte and Bruno Lathuilière},
  title =        {{VERROU}: a {CESTAC} evaluation without recompilation},
  booktitle =    {International Symposium on Scientific Computing, Computer
                  Arithmetics and Verified Numerics~(SCAN)},
  year =         2016,
  month =        sep,
  address =      {Uppsala, Sweden}}

@InProceedings{graillat2016,
  title =        {{PROMISE}: floating-point precision tuning with stochastic
                  arithmetic},
  author =       {Stef Graillat and Fabienne J{\'e}z{\'e}quel and Romain Picot
                  and François Févotte and Bruno Lathuilière},
  booktitle =    {International symposium on Scientific Computing, Computer
                  Arithmetic and Verified Numerics (SCAN)},
  year =         2016,
  month =        sep,
  address =      {Uppsala, Sweden},
}

@InProceedings{fevotte2015,
  author =       {François Févotte and Bruno Lathuilière},
  title =        {{VERROU} : l'arithmétique stochastique sans recompiler},
  booktitle =    {Rencontres de l'Artihmétique Informatique et Mathématique (RAIM)},
  month =        apr,
  year =         2015,
  address =      {Rennes, France}}

@InProceedings{guillo2014,
  author =       {Matthieu Guillo and David Couyras and François Févotte and
                  Fabrice Hoareau},
  title =        {Optimized algorithm for the microscopic depletion model in the
                  {COCAGNE} core code: a 2-level core partitioning approach},
  booktitle =    {International Conference on the Physics of Reactors (PHYSOR)},
  year =         2014,
  month =        sep,
  address =      {Kyoto, Japan}}

@InProceedings{lajoie2013,
  author =       {Marc-André Lajoie and François Févotte and Guy Marleau},
  title =        {A Generalization of {3D} Prismatic Characteristics Along a
                  Non-Uniform Projection Mesh},
  booktitle =    {International Conference on Supercomputing in Nuclear Applications (SNA)},
  year =         2013,
  month =        sep,
  address =      {Paris, France}}

@InProceedings{moustafa2013,
  author =       {Salli Moustafa and François Févotte and Bruno Lathuilière and Laurent Plagne},
  title =        {Vectorization of a {2D--1D} Iterative Algorithm for the {3D}
                  Neutron Transport Problem in Prismatic Geometries},
  booktitle =    {International Conference on Supercomputing in Nuclear Applications (SNA)},
  year =         2013,
  month =        sep,
  address =      {Paris, France}}

@InProceedings{fevotte2013,
  author =       {François Févotte and Bruno Lathuilière},
  title =        {{MICADO}: Parallel implementation of a {2D--1D} iterative
                  algorithm for the {3D} neutron transport problem in prismatic
                  geometries},
  booktitle =    {International Conference on Mathematics and Computations (M\&C)},
  year =         2013,
  month =        may,
  address =      {Sun Valley, ID, USA},
}

@InProceedings{couyras2013,
  author =       {David Couyras and François Févotte and Laurent Plagne},
  title =        {Novel Fine Flux Integration Methods for the {DIABOLO}
                  Simplified Transport ({SP\textsubscript{N}}) solver in {COCAGNE}},
  booktitle =    {International Conference on Mathematics and Computations (M\&C)},
  year =         {2013},
  month =        may,
  address =      {Sun Valley, ID, USA},
}

@Article{fevotte2010,
  author =       {François Févotte and Gilles Févotte},
  title =        {A method of characteristics for solving population balance
                  equations ({PBE}) describing the adsorption of impurities
                  during crystallization processes},
  journal =      {Chemical Engineering Science},
  year =         2010,
  volume =       65,
  number =       10,
  pages =        {3191--3198},
  month =        may}

@Article{santandrea2009,
  author =       {Simone Santandrea and Jean-Charles Jaboulay and Pierre Bellier
                  and François Févotte and Hervé Golfier},
  title =        {Improvements and validation of the linear surface
                  characteristics scheme},
  journal =      {Annals of Nuclear Energy},
  year =         2009,
  volume =       36,
  number =       1,
  pages =        {46--59},
  month =        jan}

@PhdThesis{fevotte2008b,
  author =       {François Févotte},
  title =        {Techniques de traçage pour la méthode des caractéristiques
                  appliquée à la résolution de l'équation du transport des
                  neutrons en domaines multi-dimensionnels},
  school =       {Université Paris Sud 11},
  year =         2008,
  address =      {Orsay},
  month =        oct}

@InProceedings{fevotte2008a,
  author =       {François Févotte and Simone Santandrea and Richard Sanchez},
  title =        {Tracking on periodic lattices for the method of characteristics},
  booktitle =    {International Conference on the Physics of Reactors (PHYSOR)},
  year =         2008,
  month =        sep,
  address =      {Interlaken, Switzerland}}

@InProceedings{fevotte2007b,
  author =       {François Févotte and Simone Santandrea and Richard Sanchez},
  title =        {Improved Transmission Probabilities for the Method of
                  Characteristics},
  booktitle =    {International Youth Conference on Energetics},
  year =         2007,
  month =        oct,
  address =      {Budapest, Hungary}}

@InProceedings{fevotte2007a,
  author =       {François Févotte and Simone Santandrea and Richard Sanchez},
  title =        {Advanced transverse integration for the method of characteristics},
  booktitle =    {International Conference on Mathematics and Computation (M\&C)},
  year =         2007,
  month =        apr,
  address =      {Monterey, CA, USA}}

@InProceedings{fevotte2005,
  author =       {François Févotte and Doyle, III, Francis J.},
  title =        {Sensitivity Analysis of Multi-Regime Population Balance Model
                  for Control of Multiple Particulate Properties in Granulation},
  booktitle =    {American Control Conference},
  year =         2005}
